<record><leader>00000cas a22000007a 4500</leader><controlfield tag="001">16959036</controlfield><controlfield tag="008">871110d18571859ohuwr ne      0    0eng d</controlfield><datafield ind1=" " ind2=" " tag="010"><subfield code="a">sn 87076817 </subfield></datafield><datafield ind1=" " ind2=" " tag="040"><subfield code="a">ONP</subfield><subfield code="b">eng</subfield><subfield code="c">ONP</subfield><subfield code="d">OCLCQ</subfield></datafield><datafield ind1=" " ind2=" " tag="042"><subfield code="a">msc</subfield></datafield><datafield ind1="0" ind2="0" tag="245"><subfield code="a">Williams County gazette.</subfield></datafield><datafield ind1=" " ind2=" " tag="260"><subfield code="a">Bryan, Ohio :</subfield><subfield code="b">I.R. Sherwood,</subfield><subfield code="c">1857-1859.</subfield></datafield><datafield ind1=" " ind2=" " tag="300"><subfield code="a">v.</subfield></datafield><datafield ind1=" " ind2=" " tag="310"><subfield code="a">Weekly</subfield></datafield><datafield ind1="0" ind2=" " tag="362"><subfield code="a">Vol. 1, no. 1 (Dec. 31, 1857)-v. 2, no. 36 (Sept. 1, 1859).</subfield></datafield><datafield ind1=" " ind2=" " tag="752"><subfield code="a">United States</subfield><subfield code="b">Ohio</subfield><subfield code="c">Williams</subfield><subfield code="d">Bryan.</subfield></datafield><datafield ind1="0" ind2="0" tag="780"><subfield code="t">Republican standard (Bryan, Ohio)</subfield><subfield code="w">(DLC)sn 87076816</subfield></datafield><datafield ind1="0" ind2="0" tag="785"><subfield code="t">Williams County leader</subfield><subfield code="w">(DLC)sn 87076818</subfield></datafield></record>